@article{batteiger2009precision,
  title={Precision spectroscopy of the 3 s- 3 p fine-structure doublet in Mg+},
  author={Batteiger, Valentin and Kn{\"u}nz, Sebastian and Herrmann, Maximilian and Saathoff, Guido and Sch{\"u}ssler, Hans A and Bernhardt, Birgitta and Wilken, Tobias and Holzwarth, Ronald and H{\"a}nsch, TW and Udem, Th},
  journal={Physical Review A},
  volume={80},
  number={2},
  pages={022503},
  year={2009},
  publisher={APS}
}